@techreport{BNUmathposter25,
    author = {Rafiq Islam},
    title = {BNU Mathematics General Poster Design},
    institution = {Florida State University},
    year = 2025,
    version ={1}
}

@article{BNUbeamerpresent25,
    author = {Rafiq Islam},
    title = {Florida State University Beamer Presentation Design (Unofficial)},
    journal = {Department of Mathematics},
    year = 2025
}